<?xml version="1.0" encoding="UTF-8"?>
<collection xmlns:xsi="http://www.w3.org/2001/XMLSchema-instance" xsi:schemaLocation="http://www.loc.gov/MARC21/slim http://www.loc.gov/standards/marcxml/schema/MARC21slim.xsd" xmlns="http://www.loc.gov/MARC21/slim">
<record>
  <leader>01180cam a22002651  4500</leader>
  <controlfield tag="001">2678029</controlfield>
  <controlfield tag="003">NNC</controlfield>
  <controlfield tag="005">20121018042239.0</controlfield>
  <controlfield tag="008">000922s1952    ua       b    000 0 ara d</controlfield>
  <datafield tag="035" ind1=" " ind2=" ">
    <subfield code="a">(OCoLC)ocm45063686</subfield>
  </datafield>
  <datafield tag="035" ind1=" " ind2=" ">
    <subfield code="9">ARC6788CU</subfield>
  </datafield>
  <datafield tag="035" ind1=" " ind2=" ">
    <subfield code="a">(NNC)2678029</subfield>
  </datafield>
  <datafield tag="040" ind1=" " ind2=" ">
    <subfield code="a">ZCU</subfield>
    <subfield code="c">ZCU</subfield>
  </datafield>
  <datafield tag="099" ind1=" " ind2=" ">
    <subfield code="a">962</subfield>
    <subfield code="a">Sa17</subfield>
  </datafield>
  <datafield tag="100" ind1="1" ind2=" ">
    <subfield code="a">Ṣafwat, Muḥammad Muṣṭafá.</subfield>
  </datafield>
  <datafield tag="245" ind1="1" ind2="0">
    <subfield code="a">Injiltira wa-Qanāt al-Suways, 1854-1951.</subfield>
  </datafield>
  <datafield tag="246" ind1="0" ind2=" ">
    <subfield code="i">On back-cover added title in English:</subfield>
    <subfield code="a">England and the Suez Canal, 1854-1951</subfield>
    <subfield code="b">[by] M.M. Safwat. (Royal Society of Historical Researches. Instruments and documents of research)</subfield>
  </datafield>
  <datafield tag="260" ind1=" " ind2=" ">
    <subfield code="a">al-Iskandarīyah,</subfield>
    <subfield code="b">Maṭābiʻ Ramses,</subfield>
    <subfield code="c">1952.</subfield>
  </datafield>
  <datafield tag="300" ind1=" " ind2=" ">
    <subfield code="a">211 p.</subfield>
  </datafield>
  <datafield tag="490" ind1="1" ind2=" ">
    <subfield code="a">Jamʻīyah al-Malikīyah lil-Dirāsāt al-Taʾrīkhīyah. Maktabat adawāt al-baḥth al-taʾrīkhī wa-al-wathāʾiq wa-al-nuṣūṣ</subfield>
  </datafield>
  <datafield tag="504" ind1=" " ind2=" ">
    <subfield code="a">Bibliography: p. 208-211.</subfield>
  </datafield>
  <datafield tag="651" ind1=" " ind2="0">
    <subfield code="a">Egypt</subfield>
    <subfield code="x">History</subfield>
    <subfield code="y">British occupation, 1882-1936.</subfield>
  </datafield>
  <datafield tag="651" ind1=" " ind2="0">
    <subfield code="a">Suez Canal (Egypt)</subfield>
    <subfield code="x">History.</subfield>
  </datafield>
  <datafield tag="810" ind1="2" ind2=" ">
    <subfield code="a">Jamʻīyah al-Malikīyah lil-Dirāsāt al-Taʼrīkhīyah.</subfield>
    <subfield code="t">Maktabat adawāt al-baḥth al-taʼrīkhī wa-al-wathāʼiq wa-al-nuṣūṣ.</subfield>
  </datafield>
  <datafield tag="955" ind1=" " ind2=" ">
    <subfield code="b">0026811987</subfield>
    <subfield code="d">glx</subfield>
    <subfield code="e">962 Sa17</subfield>
  </datafield>
</record>
</collection>